<record><leader>00000cas a2200000 a 4500</leader><controlfield tag="001">22399453</controlfield><controlfield tag="008">900918d19271931miudn ne      0    0eng c</controlfield><datafield ind1=" " ind2=" " tag="010"><subfield code="a">sn 89080043 </subfield></datafield><datafield ind1=" " ind2=" " tag="040"><subfield code="a">NPV</subfield><subfield code="b">eng</subfield><subfield code="c">NPV</subfield><subfield code="d">MHN</subfield><subfield code="d">OCL</subfield><subfield code="d">MHN</subfield><subfield code="d">OCLCQ</subfield><subfield code="d">OCLCF</subfield><subfield code="d">OCLCO</subfield></datafield><datafield ind1="1" ind2=" " tag="029"><subfield code="a">AU@</subfield><subfield code="b">000020614419</subfield></datafield><datafield ind1=" " ind2=" " tag="042"><subfield code="a">pcc</subfield></datafield><datafield ind1=" " ind2=" " tag="043"><subfield code="a">n-us-mi</subfield></datafield><datafield ind1="0" ind2=" " tag="130"><subfield code="a">Mount Pleasant daily times (Mount Pleasant, Mich.)</subfield></datafield><datafield ind1="1" ind2="0" tag="245"><subfield code="a">Mount Pleasant daily times.</subfield></datafield><datafield ind1="3" ind2="0" tag="246"><subfield code="a">Mt. Pleasant daily times</subfield></datafield><datafield ind1=" " ind2=" " tag="260"><subfield code="a">Mount Pleasant, Mich. :</subfield><subfield code="b">Times Press,</subfield><subfield code="c">1927-1931.</subfield></datafield><datafield ind1=" " ind2=" " tag="300"><subfield code="a">v. :</subfield><subfield code="b">ill.</subfield></datafield><datafield ind1=" " ind2=" " tag="310"><subfield code="a">Daily (except Sun.)</subfield></datafield><datafield ind1="0" ind2=" " tag="362"><subfield code="a">Vol. 34, no. 10 (Dec. 5, 1927)-v. 37, no. 142 (May 16, 1931).</subfield></datafield><datafield ind1=" " ind2=" " tag="580"><subfield code="a">Merged with: Isabella County news, to form: Isabella County times-news.</subfield></datafield><datafield ind1=" " ind2="0" tag="651"><subfield code="a">Mount Pleasant (Mich.)</subfield><subfield code="v">Newspapers.</subfield></datafield><datafield ind1=" " ind2="0" tag="651"><subfield code="a">Isabella County (Mich.)</subfield><subfield code="v">Newspapers.</subfield></datafield><datafield ind1=" " ind2="7" tag="655"><subfield code="a">Newspapers.</subfield><subfield code="2">fast</subfield><subfield code="0">(OCoLC)fst01423814</subfield></datafield><datafield ind1=" " ind2="7" tag="651"><subfield code="a">Michigan</subfield><subfield code="z">Isabella County.</subfield><subfield code="2">fast</subfield><subfield code="0">(OCoLC)fst01220096</subfield></datafield><datafield ind1=" " ind2="7" tag="651"><subfield code="a">Michigan</subfield><subfield code="z">Mount Pleasant.</subfield><subfield code="2">fast</subfield><subfield code="0">(OCoLC)fst01233290</subfield></datafield><datafield ind1=" " ind2=" " tag="752"><subfield code="a">United States</subfield><subfield code="b">Michigan</subfield><subfield code="c">Isabella</subfield><subfield code="d">Mount Pleasant.</subfield></datafield><datafield ind1="0" ind2="0" tag="780"><subfield code="t">Mount Pleasant times and Isabella County enterprise</subfield><subfield code="w">(DLC)sn 89080042</subfield><subfield code="w">(OCoLC)22399461</subfield></datafield><datafield ind1="1" ind2="7" tag="785"><subfield code="t">Isabella County news</subfield><subfield code="w">(DLC)sn 99065024</subfield><subfield code="w">(OCoLC)40949899</subfield></datafield><datafield ind1="1" ind2="7" tag="785"><subfield code="t">Isabella County times-news</subfield><subfield code="w">(DLC)sn 89080037</subfield><subfield code="w">(OCoLC)22399446</subfield></datafield></record>